<?xml version="1.0" encoding="UTF-8"?><collection xmlns="http://www.loc.gov/MARC21/slim"><record><leader>00505nam--2200133-i-4500</leader><controlfield tag="001">000037276</controlfield><controlfield tag="002">20161230</controlfield><controlfield tag="005">20161230201041</controlfield><controlfield tag="008">060222s1000------------r-----000-0-eng-d</controlfield><datafield ind1=" " ind2=" " tag="080"><subfield code="a">002:62-52</subfield></datafield><datafield ind1=" " ind2=" " tag="245"><subfield code="a">Problems in mechanization of small information centres. papers presented at the specialist meeting of the technical information panel of agard, in ottawa, canada, 16-17 sept.1969</subfield></datafield><datafield ind1=" " ind2=" " tag="260"><subfield code="a">London, Technical Editing And Reproduction Ltd, 1970, 121p</subfield></datafield><datafield ind1=" " ind2=" " tag="490"><subfield code="a">Agard Conference Proc</subfield></datafield><datafield ind1=" " ind2=" " tag="852"><subfield code="a">34945</subfield></datafield></record></collection>